@inproceedings{chan2016listen,
  title={Listen, attend and spell: A neural network for large vocabulary conversational speech recognition},
  author={Chan, William and Jaitly, Navdeep and Le, Quoc and Vinyals, Oriol},
  booktitle={2016 IEEE International Conference on Acoustics, Speech and Signal Processing (ICASSP)},
  pages={4960--4964},
  year={2016},
  organization={IEEE}
}

@book{Bourlard1994,
  title={Connectionist speech recognition: a hybrid approach},
  author={Bourlard, Herve A and Morgan, Nelson},
  volume={247},
  year={2012},
  publisher={Springer Science \& Business Media}
}

@article{Ramachandran2017,
  title={Unsupervised pretraining for sequence to sequence learning},
  author={Ramachandran, Prajit and Liu, Peter J and Le, Quoc V},
  journal={arXiv preprint arXiv:1611.02683},
  year={2016}
}

@inproceedings{Mcdermott,
  title={A Density Ratio Approach to Language Model Fusion in End-to-End Automatic Speech Recognition},
  author={McDermott, Erik and Sak, Hasim and Variani, Ehsan},
  booktitle={2019 IEEE Automatic Speech Recognition and Understanding Workshop (ASRU)},
  pages={434--441},
  year={2019},
  organization={IEEE}
}

@inproceedings{Rao2018,
  title={Exploring architectures, data and units for streaming end-to-end speech recognition with rnn-transducer},
  author={Rao, Kanishka and Sak, Ha{\c{s}}im and Prabhavalkar, Rohit},
  booktitle={2017 IEEE Automatic Speech Recognition and Understanding Workshop (ASRU)},
  pages={193--199},
  year={2017},
  organization={IEEE}
}

@inproceedings{toshniwal2018comparison,
  title={A comparison of techniques for language model integration in encoder-decoder speech recognition},
  author={Toshniwal, Shubham and Kannan, Anjuli and Chiu, Chung-Cheng and Wu, Yonghui and Sainath, Tara N and Livescu, Karen},
  booktitle={2018 IEEE Spoken Language Technology Workshop (SLT)},
  pages={369--375},
  year={2018},
  organization={IEEE}
}

@article{sriram2017cold,
  title={Cold fusion: Training seq2seq models together with language models},
  author={Sriram, Anuroop and Jun, Heewoo and Satheesh, Sanjeev and Coates, Adam},
  journal={arXiv preprint arXiv:1708.06426},
  year={2017}
}

@article{gulcehre2015using,
  title={On using monolingual corpora in neural machine translation},
  author={Gulcehre, Caglar and Firat, Orhan and Xu, Kelvin and Cho, Kyunghyun and Barrault, Loic and Lin, Huei-Chi and Bougares, Fethi and Schwenk, Holger and Bengio, Yoshua},
  journal={arXiv preprint arXiv:1503.03535},
  year={2015}
}

@inproceedings{sutskever2014sequence,
  title={Sequence to sequence learning with neural networks},
  author={Sutskever, Ilya and Vinyals, Oriol and Le, Quoc V},
  booktitle={Advances in neural information processing systems},
  pages={3104--3112},
  year={2014}
}

@article{bahdanau2014neural,
  title={Neural machine translation by jointly learning to align and translate},
  author={Bahdanau, Dzmitry and Cho, Kyunghyun and Bengio, Yoshua},
  journal={arXiv preprint arXiv:1409.0473},
  year={2014}
}

@article{yang2016words,
  title={Words or characters? fine-grained gating for reading comprehension},
  author={Yang, Zhilin and Dhingra, Bhuwan and Yuan, Ye and Hu, Junjie and Cohen, William W and Salakhutdinov, Ruslan},
  journal={arXiv preprint arXiv:1611.01724},
  year={2016}
}

@inproceedings{panayotov2015librispeech,
  title={Librispeech: an asr corpus based on public domain audio books},
  author={Panayotov, Vassil and Chen, Guoguo and Povey, Daniel and Khudanpur, Sanjeev},
  booktitle={2015 IEEE International Conference on Acoustics, Speech and Signal Processing (ICASSP)},
  pages={5206--5210},
  year={2015},
  organization={IEEE}
}

@inproceedings{mcdermott2019density,
  title={A Density Ratio Approach to Language Model Fusion in End-to-End Automatic Speech Recognition},
  author={McDermott, Erik and Sak, Hasim and Variani, Ehsan},
  booktitle={2019 IEEE Automatic Speech Recognition and Understanding Workshop (ASRU)},
  pages={434--441},
  year={2019},
  organization={IEEE}
}

@inproceedings{shan2019component,
  title={Component fusion: Learning replaceable language model component for end-to-end speech recognition system},
  author={Shan, Changhao and Weng, Chao and Wang, Guangsen and Su, Dan and Luo, Min and Yu, Dong and Xie, Lei},
  booktitle={ICASSP 2019-2019 IEEE International Conference on Acoustics, Speech and Signal Processing (ICASSP)},
  pages={5361--5635},
  year={2019},
  organization={IEEE}
}

@article{Jelinek1976,
  title={Continuous speech recognition by statistical methods},
  author={Jelinek, Frederick},
  journal={Proceedings of the IEEE},
  volume={64},
  number={4},
  pages={532--556},
  year={1976},
  publisher={IEEE}
}
